{
  "leader": "03937cam a22004451a 4500",
  "fields": [
    {
      "001": "ocm00371050\\"
    },
    {
      "003": "OCoLC"
    },
    {
      "005": "20220106115334.0"
    },
    {
      "008": "730116s1963\\\\\\\\oku\\\\\\\\\\\\b\\\\\\\\001\\0\\eng\\\\"
    },
    {
      "010": {
        "ind1": "\\",
        "ind2": "\\",
        "subfields": [
          {
            "a": "   63009955 "
          }
        ]
      }
    },
    {
      "040": {
        "ind1": "\\",
        "ind2": "\\",
        "subfields": [
          {
            "a": "DLC"
          },
          {
            "b": "eng"
          },
          {
            "c": "DLC"
          },
          {
            "d": "EL{dollar}"
          },
          {
            "d": "DIBAM"
          },
          {
            "d": "NLGGC"
          },
          {
            "d": "BTCTA"
          },
          {
            "d": "LVB"
          },
          {
            "d": "WY@"
          },
          {
            "d": "DEBBG"
          },
          {
            "d": "KIJ"
          },
          {
            "d": "MNY"
          },
          {
            "d": "ZID"
          },
          {
            "d": "MLN"
          },
          {
            "d": "SP1"
          },
          {
            "d": "ZAD"
          },
          {
            "d": "OCLCF"
          },
          {
            "d": "OCLCQ"
          },
          {
            "d": "KPS"
          },
          {
            "d": "UEJ"
          },
          {
            "d": "OCLCQ"
          },
          {
            "d": "CSJ"
          },
          {
            "d": "OCLCQ"
          },
          {
            "d": "CEF"
          },
          {
            "d": "TKN"
          },
          {
            "d": "CSO"
          },
          {
            "d": "CNO"
          },
          {
            "d": "CSA"
          },
          {
            "d": "TYC"
          },
          {
            "d": "MUO"
          },
          {
            "d": "XFF"
          },
          {
            "d": "KFH"
          },
          {
            "d": "FQG"
          },
          {
            "d": "LHU"
          },
          {
            "d": "HCO"
          },
          {
            "d": "CRU"
          },
          {
            "d": "OCLCQ"
          },
          {
            "d": "CPO"
          },
          {
            "d": "NAM"
          },
          {
            "d": "YCP"
          },
          {
            "d": "PAU"
          },
          {
            "d": "SNN"
          },
          {
            "d": "OCLCQ"
          },
          {
            "d": "INT"
          },
          {
            "d": "GILDS"
          },
          {
            "d": "MHH"
          },
          {
            "d": "EUM"
          },
          {
            "d": "WYR"
          },
          {
            "d": "WYU"
          },
          {
            "d": "EUQ"
          },
          {
            "d": "UKUOY"
          },
          {
            "d": "FWR"
          },
          {
            "d": "UWO"
          },
          {
            "d": "MTU"
          },
          {
            "d": "IOG"
          },
          {
            "d": "YOU"
          },
          {
            "d": "NZ1"
          },
          {
            "d": "BUB"
          },
          {
            "d": "HV6"
          },
          {
            "d": "DCHUA"
          },
          {
            "d": "OCLCQ"
          },
          {
            "d": "CWI"
          },
          {
            "d": "GDC"
          },
          {
            "d": "OCLCQ"
          },
          {
            "d": "IOB"
          },
          {
            "d": "EZC"
          },
          {
            "d": "LGG"
          },
          {
            "d": "OCLCQ"
          },
          {
            "d": "AZU"
          },
          {
            "d": "SQP"
          },
          {
            "d": "CTL"
          },
          {
            "d": "BRX"
          },
          {
            "d": "ROB"
          },
          {
            "d": "W2U"
          },
          {
            "d": "CBA"
          },
          {
            "d": "NJR"
          },
          {
            "d": "WKU"
          },
          {
            "d": "ICW"
          },
          {
            "d": "SXQ"
          },
          {
            "d": "OCLCQ"
          },
          {
            "d": "IL4J6"
          },
          {
            "d": "OCLCO"
          },
          {
            "d": "YBM"
          },
          {
            "d": "OCLCO"
          },
          {
            "d": "KPV"
          }
        ]
      }
    },
    {
      "019": {
        "ind1": "\\",
        "ind2": "\\",
        "subfields": [
          {
            "a": "39501677"
          },
          {
            "a": "639958770"
          },
          {
            "a": "890479081"
          },
          {
            "a": "1000891480"
          },
          {
            "a": "1006479615"
          },
          {
            "a": "1167166712"
          },
          {
            "a": "1201945762"
          }
        ]
      }
    },
    {
      "035": {
        "ind1": "\\",
        "ind2": "\\",
        "subfields": [
          {
            "a": "(OCoLC)371050"
          },
          {
            "z": "(OCoLC)39501677"
          },
          {
            "z": "(OCoLC)639958770"
          },
          {
            "z": "(OCoLC)890479081"
          },
          {
            "z": "(OCoLC)1000891480"
          },
          {
            "z": "(OCoLC)1006479615"
          },
          {
            "z": "(OCoLC)1167166712"
          },
          {
            "z": "(OCoLC)1201945762"
          }
        ]
      }
    },
    {
      "041": {
        "ind1": "1",
        "ind2": "\\",
        "subfields": [
          {
            "a": "eng"
          },
          {
            "h": "spa"
          }
        ]
      }
    },
    {
      "043": {
        "ind1": "\\",
        "ind2": "\\",
        "subfields": [
          {
            "a": "cl-----"
          }
        ]
      }
    },
    {
      "050": {
        "ind1": "0",
        "ind2": "0",
        "subfields": [
          {
            "a": "B1001"
          },
          {
            "b": ".Z423 1963"
          }
        ]
      }
    },
    {
      "082": {
        "ind1": "0",
        "ind2": "0",
        "subfields": [
          {
            "a": "199.8"
          },
          {
            "b": "ZEA"
          }
        ]
      }
    },
    {
      "100": {
        "ind1": "1",
        "ind2": "\\",
        "subfields": [
          {
            "a": "Zea, Leopoldo,"
          },
          {
            "d": "1912-2004,"
          },
          {
            "e": "author."
          }
        ]
      }
    },
    {
      "240": {
        "ind1": "1",
        "ind2": "0",
        "subfields": [
          {
            "a": "Dos etapas del pensamiento en Hispanoame\u0301rica."
          },
          {
            "l": "English"
          }
        ]
      }
    },
    {
      "245": {
        "ind1": "1",
        "ind2": "4",
        "subfields": [
          {
            "a": "The Latin-American mind /"
          },
          {
            "c": "Leopoldo Zea ; translated from the Spanish by James H. Abbott and Lowell Dunham."
          }
        ]
      }
    },
    {
      "250": {
        "ind1": "\\",
        "ind2": "\\",
        "subfields": [
          {
            "a": "First edition."
          }
        ]
      }
    },
    {
      "260": {
        "ind1": "\\",
        "ind2": "\\",
        "subfields": [
          {
            "a": "Norman :"
          },
          {
            "b": "University of Oklahoma Press,"
          },
          {
            "c": "[\u00a91963]"
          }
        ]
      }
    },
    {
      "300": {
        "ind1": "\\",
        "ind2": "\\",
        "subfields": [
          {
            "a": "xx, 308 pages ;"
          },
          {
            "c": "24 cm"
          }
        ]
      }
    },
    {
      "336": {
        "ind1": "\\",
        "ind2": "\\",
        "subfields": [
          {
            "a": "text"
          },
          {
            "b": "txt"
          },
          {
            "2": "rdacontent"
          }
        ]
      }
    },
    {
      "337": {
        "ind1": "\\",
        "ind2": "\\",
        "subfields": [
          {
            "a": "unmediated"
          },
          {
            "b": "n"
          },
          {
            "2": "rdamedia"
          }
        ]
      }
    },
    {
      "338": {
        "ind1": "\\",
        "ind2": "\\",
        "subfields": [
          {
            "a": "volume"
          },
          {
            "b": "nc"
          },
          {
            "2": "rdacarrier"
          }
        ]
      }
    },
    {
      "504": {
        "ind1": "\\",
        "ind2": "\\",
        "subfields": [
          {
            "a": "Includes bibliographical references and index."
          }
        ]
      }
    },
    {
      "505": {
        "ind1": "0",
        "ind2": "\\",
        "subfields": [
          {
            "a": "Introduction -- Hispanic America and its historical conscience -- Romanticism in Hispanic America -- Positivism in Hispanic America -- Part 1. Mental emancipation -- Political emancipation and mental emancipation -- The Middle Ages and modernity in American culture -- The Spanish heritage in Hispanic America -- The urgency of political emancipation -- The new generation and its program -- North America as a model -- Toward a Hispanic-American solution -- Apprenticeship in foreign sources -- Toward the philosophy of a new order -- Part The new order -- Positivism as a liberal philosophy -- The orthodox and the heterodox -- Toward a political science -- Deception and destruction -- Positivism and nationality -- Positivism and social regeneration -- Positivism as education for freedom -- Positivism and the Argentine bourgeoisie -- Positivism and socialism -- Positivism and the new Hispanic ethics -- Positivism and the political emancipation of Cuba -- Spencer versus Hegel -- The Latin race and positivism."
          }
        ]
      }
    },
    {
      "520": {
        "ind1": "\\",
        "ind2": "\\",
        "subfields": [
          {
            "a": "The present book seeks to present a comprehensive picture of one on the most important stages in Hispanic-American thought, a stage during which there were ardent discussions of the problems presented by the incorporation of Hispanic America into the new social, political, and educational currents, once political independence had been won from Spain. This period was regarded as the incorporation of Hispanic America into civilization. There followed a discussion of the problems arising from the formation of a new order that was to be a worthy substitute for the repudiated colonial order."
          }
        ]
      }
    },
    {
      "546": {
        "ind1": "\\",
        "ind2": "\\",
        "subfields": [
          {
            "a": "Translation of Dos etapas del pensamiento en Hispanoame\u0301rica."
          }
        ]
      }
    },
    {
      "650": {
        "ind1": "\\",
        "ind2": "0",
        "subfields": [
          {
            "a": "Philosophy, Latin American."
          }
        ]
      }
    },
    {
      "650": {
        "ind1": "\\",
        "ind2": "0",
        "subfields": [
          {
            "a": "Positivism."
          }
        ]
      }
    },
    {
      "650": {
        "ind1": "\\",
        "ind2": "7",
        "subfields": [
          {
            "a": "Philosophy, Latin American."
          },
          {
            "2": "fast"
          },
          {
            "0": "(OCoLC)fst01061037"
          }
        ]
      }
    },
    {
      "650": {
        "ind1": "\\",
        "ind2": "7",
        "subfields": [
          {
            "a": "Positivism."
          },
          {
            "2": "fast"
          },
          {
            "0": "(OCoLC)fst01072655"
          }
        ]
      }
    },
    {
      "700": {
        "ind1": "1",
        "ind2": "\\",
        "subfields": [
          {
            "a": "Abbott, James H.,"
          },
          {
            "e": "translator."
          }
        ]
      }
    },
    {
      "700": {
        "ind1": "1",
        "ind2": "\\",
        "subfields": [
          {
            "a": "Dunham, Lowell,"
          },
          {
            "d": "1910-2001,"
          },
          {
            "e": "translator."
          }
        ]
      }
    },
    {
      "776": {
        "ind1": "0",
        "ind2": "8",
        "subfields": [
          {
            "i": "Online version:"
          },
          {
            "a": "Zea, Leopoldo, 1912-"
          },
          {
            "s": "Dos etapas del pensamiento en Hispanoame\u0301rica. English."
          },
          {
            "t": "Latin-American mind."
          },
          {
            "b": "[1st ed.]."
          },
          {
            "d": "Norman, University of Oklahoma Press [1963]"
          },
          {
            "w": "(OCoLC)632077775"
          }
        ]
      }
    },
    {
      "994": {
        "ind1": "\\",
        "ind2": "\\",
        "subfields": [
          {
            "a": "Z0"
          },
          {
            "b": "NYRVC"
          }
        ]
      }
    },
    {
      "948": {
        "ind1": "\\",
        "ind2": "\\",
        "subfields": [
          {
            "h": "NO HOLDINGS IN NYRVC - 1029 OTHER HOLDINGS"
          }
        ]
      }
    },
    {
      "999": {
        "ind1": "\\",
        "ind2": "\\",
        "subfields": [
          {
            "a": "00000000016491"
          }
        ]
      }
    }
  ]
}